@article{1975:Wyner,
    author = {Wyner, A. D.},
    journal = {Bell Systems Technical Journal},
    keywords = {secrecy, security, wiretap, wyner},
    number = {8},
    pages = {1355--1387},
    posted-at = {2009-12-07 11:54:05},
    priority = {2},
    title = {{The Wire-tap Channel}},
    volume = {54},
    year = {1975},
    optnote = {4. The wire-tap channel
Introduction of an information theoretical channel with a passive adversary
also talks about secrecy rate},
}


@article{1999:iec62106,
    author = {RDS Forum Office},
    title = {{The new RDS IEC 62106:1999 standard}},
    year = {1999}
}
